%YAML 1.1
%TAG !u! tag:unity3d.com,2011:
--- !u!1 &7456797682003714525
GameObject:
  m_ObjectHideFlags: 0
  m_CorrespondingSourceObject: {fileID: 0}
  m_PrefabInstance: {fileID: 0}
  m_PrefabAsset: {fileID: 0}
  serializedVersion: 6
  m_Component:
  - component: {fileID: 3304081544645660531}
  m_Layer: 0
  m_Name: Wave (4)
  m_TagString: Untagged
  m_Icon: {fileID: 0}
  m_NavMeshLayer: 0
  m_StaticEditorFlags: 0
  m_IsActive: 1
--- !u!4 &3304081544645660531
Transform:
  m_ObjectHideFlags: 0
  m_CorrespondingSourceObject: {fileID: 0}
  m_PrefabInstance: {fileID: 0}
  m_PrefabAsset: {fileID: 0}
  m_GameObject: {fileID: 7456797682003714525}
  m_LocalRotation: {x: 0, y: 0, z: 0, w: 1}
  m_LocalPosition: {x: 0, y: 0, z: 0}
  m_LocalScale: {x: 1, y: 1, z: 1}
  m_Children:
  - {fileID: 2815400933730954612}
  - {fileID: 2815400935673807903}
  - {fileID: 8253544796889666244}
  m_Father: {fileID: 0}
  m_RootOrder: 0
  m_LocalEulerAnglesHint: {x: 0, y: 0, z: 0}
--- !u!1001 &6417891679101766996
PrefabInstance:
  m_ObjectHideFlags: 0
  serializedVersion: 2
  m_Modification:
    m_TransformParent: {fileID: 3304081544645660531}
    m_Modifications:
    - target: {fileID: 9080028985124839482, guid: 096c2c81979c8dd4297e66617c41cb6d,
        type: 3}
      propertyPath: m_Name
      value: Enemy1 (6)
      objectReference: {fileID: 0}
    - target: {fileID: 9080028985124839456, guid: 096c2c81979c8dd4297e66617c41cb6d,
        type: 3}
      propertyPath: m_LocalPosition.x
      value: 628.6
      objectReference: {fileID: 0}
    - target: {fileID: 9080028985124839456, guid: 096c2c81979c8dd4297e66617c41cb6d,
        type: 3}
      propertyPath: m_LocalPosition.y
      value: 27.744999
      objectReference: {fileID: 0}
    - target: {fileID: 9080028985124839456, guid: 096c2c81979c8dd4297e66617c41cb6d,
        type: 3}
      propertyPath: m_LocalPosition.z
      value: 0
      objectReference: {fileID: 0}
    - target: {fileID: 9080028985124839456, guid: 096c2c81979c8dd4297e66617c41cb6d,
        type: 3}
      propertyPath: m_LocalRotation.x
      value: -0
      objectReference: {fileID: 0}
    - target: {fileID: 9080028985124839456, guid: 096c2c81979c8dd4297e66617c41cb6d,
        type: 3}
      propertyPath: m_LocalRotation.y
      value: -0
      objectReference: {fileID: 0}
    - target: {fileID: 9080028985124839456, guid: 096c2c81979c8dd4297e66617c41cb6d,
        type: 3}
      propertyPath: m_LocalRotation.z
      value: -0
      objectReference: {fileID: 0}
    - target: {fileID: 9080028985124839456, guid: 096c2c81979c8dd4297e66617c41cb6d,
        type: 3}
      propertyPath: m_LocalRotation.w
      value: 1
      objectReference: {fileID: 0}
    - target: {fileID: 9080028985124839456, guid: 096c2c81979c8dd4297e66617c41cb6d,
        type: 3}
      propertyPath: m_RootOrder
      value: 0
      objectReference: {fileID: 0}
    - target: {fileID: 9080028985124839456, guid: 096c2c81979c8dd4297e66617c41cb6d,
        type: 3}
      propertyPath: m_LocalEulerAnglesHint.x
      value: 0
      objectReference: {fileID: 0}
    - target: {fileID: 9080028985124839456, guid: 096c2c81979c8dd4297e66617c41cb6d,
        type: 3}
      propertyPath: m_LocalEulerAnglesHint.y
      value: 0
      objectReference: {fileID: 0}
    - target: {fileID: 9080028985124839456, guid: 096c2c81979c8dd4297e66617c41cb6d,
        type: 3}
      propertyPath: m_LocalEulerAnglesHint.z
      value: 0
      objectReference: {fileID: 0}
    - target: {fileID: 9080028985124839460, guid: 096c2c81979c8dd4297e66617c41cb6d,
        type: 3}
      propertyPath: m_IsTrigger
      value: 1
      objectReference: {fileID: 0}
    - target: {fileID: 9080028985124839460, guid: 096c2c81979c8dd4297e66617c41cb6d,
        type: 3}
      propertyPath: m_Enabled
      value: 0
      objectReference: {fileID: 0}
    - target: {fileID: 9080028985124839483, guid: 096c2c81979c8dd4297e66617c41cb6d,
        type: 3}
      propertyPath: health
      value: 300
      objectReference: {fileID: 0}
    - target: {fileID: 9080028985124839483, guid: 096c2c81979c8dd4297e66617c41cb6d,
        type: 3}
      propertyPath: speed
      value: 4
      objectReference: {fileID: 0}
    m_RemovedComponents: []
  m_SourcePrefab: {fileID: 100100000, guid: 096c2c81979c8dd4297e66617c41cb6d, type: 3}
--- !u!4 &2815400933730954612 stripped
Transform:
  m_CorrespondingSourceObject: {fileID: 9080028985124839456, guid: 096c2c81979c8dd4297e66617c41cb6d,
    type: 3}
  m_PrefabInstance: {fileID: 6417891679101766996}
  m_PrefabAsset: {fileID: 0}
--- !u!1001 &6417891680375831760
PrefabInstance:
  m_ObjectHideFlags: 0
  serializedVersion: 2
  m_Modification:
    m_TransformParent: {fileID: 3304081544645660531}
    m_Modifications:
    - target: {fileID: 3141987764973448715, guid: 495da7bd187f5744cbf125c69163c68f,
        type: 3}
      propertyPath: m_Name
      value: Enemy2 (4)
      objectReference: {fileID: 0}
    - target: {fileID: 3141987764973448724, guid: 495da7bd187f5744cbf125c69163c68f,
        type: 3}
      propertyPath: m_LocalPosition.x
      value: 623.5
      objectReference: {fileID: 0}
    - target: {fileID: 3141987764973448724, guid: 495da7bd187f5744cbf125c69163c68f,
        type: 3}
      propertyPath: m_LocalPosition.y
      value: 29
      objectReference: {fileID: 0}
    - target: {fileID: 3141987764973448724, guid: 495da7bd187f5744cbf125c69163c68f,
        type: 3}
      propertyPath: m_LocalPosition.z
      value: 0.12954363
      objectReference: {fileID: 0}
    - target: {fileID: 3141987764973448724, guid: 495da7bd187f5744cbf125c69163c68f,
        type: 3}
      propertyPath: m_LocalRotation.x
      value: -0
      objectReference: {fileID: 0}
    - target: {fileID: 3141987764973448724, guid: 495da7bd187f5744cbf125c69163c68f,
        type: 3}
      propertyPath: m_LocalRotation.y
      value: -0
      objectReference: {fileID: 0}
    - target: {fileID: 3141987764973448724, guid: 495da7bd187f5744cbf125c69163c68f,
        type: 3}
      propertyPath: m_LocalRotation.z
      value: -0
      objectReference: {fileID: 0}
    - target: {fileID: 3141987764973448724, guid: 495da7bd187f5744cbf125c69163c68f,
        type: 3}
      propertyPath: m_LocalRotation.w
      value: 1
      objectReference: {fileID: 0}
    - target: {fileID: 3141987764973448724, guid: 495da7bd187f5744cbf125c69163c68f,
        type: 3}
      propertyPath: m_RootOrder
      value: 2
      objectReference: {fileID: 0}
    - target: {fileID: 3141987764973448724, guid: 495da7bd187f5744cbf125c69163c68f,
        type: 3}
      propertyPath: m_LocalEulerAnglesHint.x
      value: 0
      objectReference: {fileID: 0}
    - target: {fileID: 3141987764973448724, guid: 495da7bd187f5744cbf125c69163c68f,
        type: 3}
      propertyPath: m_LocalEulerAnglesHint.y
      value: 0
      objectReference: {fileID: 0}
    - target: {fileID: 3141987764973448724, guid: 495da7bd187f5744cbf125c69163c68f,
        type: 3}
      propertyPath: m_LocalEulerAnglesHint.z
      value: 0
      objectReference: {fileID: 0}
    - target: {fileID: 3141987764973448724, guid: 495da7bd187f5744cbf125c69163c68f,
        type: 3}
      propertyPath: m_LocalScale.x
      value: -1
      objectReference: {fileID: 0}
    - target: {fileID: 3141987764973448726, guid: 495da7bd187f5744cbf125c69163c68f,
        type: 3}
      propertyPath: health
      value: 400
      objectReference: {fileID: 0}
    m_RemovedComponents: []
  m_SourcePrefab: {fileID: 100100000, guid: 495da7bd187f5744cbf125c69163c68f, type: 3}
--- !u!4 &8253544796889666244 stripped
Transform:
  m_CorrespondingSourceObject: {fileID: 3141987764973448724, guid: 495da7bd187f5744cbf125c69163c68f,
    type: 3}
  m_PrefabInstance: {fileID: 6417891680375831760}
  m_PrefabAsset: {fileID: 0}
--- !u!1001 &6417891681047028799
PrefabInstance:
  m_ObjectHideFlags: 0
  serializedVersion: 2
  m_Modification:
    m_TransformParent: {fileID: 3304081544645660531}
    m_Modifications:
    - target: {fileID: 9080028985124839482, guid: 096c2c81979c8dd4297e66617c41cb6d,
        type: 3}
      propertyPath: m_Name
      value: Enemy1 (7)
      objectReference: {fileID: 0}
    - target: {fileID: 9080028985124839456, guid: 096c2c81979c8dd4297e66617c41cb6d,
        type: 3}
      propertyPath: m_LocalPosition.x
      value: 639
      objectReference: {fileID: 0}
    - target: {fileID: 9080028985124839456, guid: 096c2c81979c8dd4297e66617c41cb6d,
        type: 3}
      propertyPath: m_LocalPosition.y
      value: 25.744999
      objectReference: {fileID: 0}
    - target: {fileID: 9080028985124839456, guid: 096c2c81979c8dd4297e66617c41cb6d,
        type: 3}
      propertyPath: m_LocalPosition.z
      value: 0
      objectReference: {fileID: 0}
    - target: {fileID: 9080028985124839456, guid: 096c2c81979c8dd4297e66617c41cb6d,
        type: 3}
      propertyPath: m_LocalRotation.x
      value: -0
      objectReference: {fileID: 0}
    - target: {fileID: 9080028985124839456, guid: 096c2c81979c8dd4297e66617c41cb6d,
        type: 3}
      propertyPath: m_LocalRotation.y
      value: -0
      objectReference: {fileID: 0}
    - target: {fileID: 9080028985124839456, guid: 096c2c81979c8dd4297e66617c41cb6d,
        type: 3}
      propertyPath: m_LocalRotation.z
      value: -0
      objectReference: {fileID: 0}
    - target: {fileID: 9080028985124839456, guid: 096c2c81979c8dd4297e66617c41cb6d,
        type: 3}
      propertyPath: m_LocalRotation.w
      value: 1
      objectReference: {fileID: 0}
    - target: {fileID: 9080028985124839456, guid: 096c2c81979c8dd4297e66617c41cb6d,
        type: 3}
      propertyPath: m_RootOrder
      value: 1
      objectReference: {fileID: 0}
    - target: {fileID: 9080028985124839456, guid: 096c2c81979c8dd4297e66617c41cb6d,
        type: 3}
      propertyPath: m_LocalEulerAnglesHint.x
      value: 0
      objectReference: {fileID: 0}
    - target: {fileID: 9080028985124839456, guid: 096c2c81979c8dd4297e66617c41cb6d,
        type: 3}
      propertyPath: m_LocalEulerAnglesHint.y
      value: 0
      objectReference: {fileID: 0}
    - target: {fileID: 9080028985124839456, guid: 096c2c81979c8dd4297e66617c41cb6d,
        type: 3}
      propertyPath: m_LocalEulerAnglesHint.z
      value: 0
      objectReference: {fileID: 0}
    - target: {fileID: 9080028985124839460, guid: 096c2c81979c8dd4297e66617c41cb6d,
        type: 3}
      propertyPath: m_IsTrigger
      value: 1
      objectReference: {fileID: 0}
    - target: {fileID: 9080028985124839460, guid: 096c2c81979c8dd4297e66617c41cb6d,
        type: 3}
      propertyPath: m_Enabled
      value: 0
      objectReference: {fileID: 0}
    - target: {fileID: 9080028985124839483, guid: 096c2c81979c8dd4297e66617c41cb6d,
        type: 3}
      propertyPath: health
      value: 300
      objectReference: {fileID: 0}
    - target: {fileID: 9080028985124839483, guid: 096c2c81979c8dd4297e66617c41cb6d,
        type: 3}
      propertyPath: speed
      value: 4
      objectReference: {fileID: 0}
    m_RemovedComponents: []
  m_SourcePrefab: {fileID: 100100000, guid: 096c2c81979c8dd4297e66617c41cb6d, type: 3}
--- !u!4 &2815400935673807903 stripped
Transform:
  m_CorrespondingSourceObject: {fileID: 9080028985124839456, guid: 096c2c81979c8dd4297e66617c41cb6d,
    type: 3}
  m_PrefabInstance: {fileID: 6417891681047028799}
  m_PrefabAsset: {fileID: 0}
