%YAML 1.1
%TAG !u! tag:unity3d.com,2011:
--- !u!1 &2802478096168509543
GameObject:
  m_ObjectHideFlags: 0
  m_CorrespondingSourceObject: {fileID: 0}
  m_PrefabInstance: {fileID: 0}
  m_PrefabAsset: {fileID: 0}
  serializedVersion: 6
  m_Component:
  - component: {fileID: 467530132}
  - component: {fileID: 903156023372950}
  - component: {fileID: 6928019901525425631}
  - component: {fileID: 8283155145694951660}
  - component: {fileID: 4962072056348341247}
  - component: {fileID: 6014864869674552032}
  m_Layer: 12
  m_Name: Fg_Pos Gerador Fix
  m_TagString: Ground
  m_Icon: {fileID: 0}
  m_NavMeshLayer: 0
  m_StaticEditorFlags: 0
  m_IsActive: 1
--- !u!4 &467530132
Transform:
  m_ObjectHideFlags: 0
  m_CorrespondingSourceObject: {fileID: 0}
  m_PrefabInstance: {fileID: 0}
  m_PrefabAsset: {fileID: 0}
  m_GameObject: {fileID: 2802478096168509543}
  m_LocalRotation: {x: -0, y: -0, z: -0, w: 1}
  m_LocalPosition: {x: 0, y: 0, z: -0.1}
  m_LocalScale: {x: 1, y: 1, z: 1}
  m_Children: []
  m_Father: {fileID: 0}
  m_RootOrder: 0
  m_LocalEulerAnglesHint: {x: 0, y: 0, z: 0}
--- !u!1839735485 &903156023372950
Tilemap:
  m_ObjectHideFlags: 0
  m_CorrespondingSourceObject: {fileID: 0}
  m_PrefabInstance: {fileID: 0}
  m_PrefabAsset: {fileID: 0}
  m_GameObject: {fileID: 2802478096168509543}
  m_Enabled: 1
  m_Tiles:
  - first: {x: 405, y: 36, z: 0}
    second:
      m_TileIndex: 0
      m_TileSpriteIndex: 11
      m_TileMatrixIndex: 5
      m_TileColorIndex: 0
      m_ObjectToInstantiate: {fileID: 0}
      m_TileFlags: 1
      m_ColliderType: 1
  - first: {x: 405, y: 37, z: 0}
    second:
      m_TileIndex: 0
      m_TileSpriteIndex: 11
      m_TileMatrixIndex: 5
      m_TileColorIndex: 0
      m_ObjectToInstantiate: {fileID: 0}
      m_TileFlags: 1
      m_ColliderType: 1
  - first: {x: 405, y: 38, z: 0}
    second:
      m_TileIndex: 0
      m_TileSpriteIndex: 11
      m_TileMatrixIndex: 5
      m_TileColorIndex: 0
      m_ObjectToInstantiate: {fileID: 0}
      m_TileFlags: 1
      m_ColliderType: 1
  - first: {x: 405, y: 39, z: 0}
    second:
      m_TileIndex: 1
      m_TileSpriteIndex: 12
      m_TileMatrixIndex: 5
      m_TileColorIndex: 0
      m_ObjectToInstantiate: {fileID: 0}
      m_TileFlags: 1
      m_ColliderType: 1
  - first: {x: 412, y: 43, z: 0}
    second:
      m_TileIndex: 2
      m_TileSpriteIndex: 10
      m_TileMatrixIndex: 4
      m_TileColorIndex: 0
      m_ObjectToInstantiate: {fileID: 0}
      m_TileFlags: 1
      m_ColliderType: 1
  - first: {x: 409, y: 44, z: 0}
    second:
      m_TileIndex: 2
      m_TileSpriteIndex: 10
      m_TileMatrixIndex: 4
      m_TileColorIndex: 0
      m_ObjectToInstantiate: {fileID: 0}
      m_TileFlags: 1
      m_ColliderType: 1
  m_AnimatedTiles: {}
  m_TileAssetArray:
  - m_RefCount: 3
    m_Data: {fileID: 11400000, guid: da1f1e1de2b417540829207008faf6a9, type: 2}
  - m_RefCount: 1
    m_Data: {fileID: 11400000, guid: 5df930fc2a77f3f4782db44d516cdec1, type: 2}
  - m_RefCount: 2
    m_Data: {fileID: 11400000, guid: f878597bd82297c43952cb0a90d5cfff, type: 2}
  m_TileSpriteArray:
  - m_RefCount: 0
    m_Data: {fileID: 0}
  - m_RefCount: 0
    m_Data: {fileID: 0}
  - m_RefCount: 0
    m_Data: {fileID: 0}
  - m_RefCount: 0
    m_Data: {fileID: 0}
  - m_RefCount: 0
    m_Data: {fileID: 0}
  - m_RefCount: 0
    m_Data: {fileID: 0}
  - m_RefCount: 0
    m_Data: {fileID: 0}
  - m_RefCount: 0
    m_Data: {fileID: 0}
  - m_RefCount: 0
    m_Data: {fileID: 0}
  - m_RefCount: 0
    m_Data: {fileID: 0}
  - m_RefCount: 2
    m_Data: {fileID: 21300074, guid: f0d1633a36cd14846a5578b04ee3e92b, type: 3}
  - m_RefCount: 3
    m_Data: {fileID: 21300038, guid: f0d1633a36cd14846a5578b04ee3e92b, type: 3}
  - m_RefCount: 1
    m_Data: {fileID: 21300020, guid: f0d1633a36cd14846a5578b04ee3e92b, type: 3}
  m_TileMatrixArray:
  - m_RefCount: 0
    m_Data:
      e00: 0
      e01: 6.792967e-35
      e02: 0
      e03: 830.6123
      e10: 0
      e11: 3.7438e-41
      e12: 0
      e13: 1e-45
      e20: 492838940
      e21: 8.760324e-39
      e22: 1.7574203e-35
      e23: 0
      e30: 0
      e31: 0
      e32: 0
      e33: 0
  - m_RefCount: 0
    m_Data:
      e00: 0
      e01: 6.7852255e-35
      e02: 0
      e03: 830.6123
      e10: 0
      e11: 3.7438e-41
      e12: 0
      e13: 1e-45
      e20: -3.0371918e-29
      e21: 26.286148
      e22: -3.370895e-29
      e23: 0
      e30: 0
      e31: 1e-45
      e32: 0
      e33: 0
  - m_RefCount: 0
    m_Data:
      e00: NaN
      e01: 1e-43
      e02: NaN
      e03: 0
      e10: NaN
      e11: 0
      e12: NaN
      e13: 0
      e20: 0
      e21: 0
      e22: 1e-43
      e23: 0
      e30: NaN
      e31: 0
      e32: 0
      e33: 0
  - m_RefCount: 0
    m_Data:
      e00: NaN
      e01: 1e-43
      e02: NaN
      e03: 0
      e10: NaN
      e11: 0
      e12: NaN
      e13: 0
      e20: 0
      e21: 0
      e22: 1e-43
      e23: 0
      e30: NaN
      e31: 0
      e32: 0
      e33: 0
  - m_RefCount: 2
    m_Data:
      e00: 1
      e01: 0.00000008742278
      e02: 0
      e03: 0
      e10: 0.00000008742278
      e11: -1
      e12: 0
      e13: 0
      e20: -0
      e21: 0
      e22: 1
      e23: 0
      e30: 0
      e31: 0
      e32: 0
      e33: 1
  - m_RefCount: 4
    m_Data:
      e00: 1
      e01: 0
      e02: 0
      e03: 0
      e10: 0
      e11: 1
      e12: 0
      e13: 0
      e20: 0
      e21: 0
      e22: 1
      e23: 0
      e30: 0
      e31: 0
      e32: 0
      e33: 1
  m_TileColorArray:
  - m_RefCount: 6
    m_Data: {r: 1, g: 1, b: 1, a: 1}
  m_AnimationFrameRate: 1
  m_Color: {r: 1, g: 1, b: 1, a: 1}
  m_Origin: {x: -6, y: 0, z: 0}
  m_Size: {x: 644, y: 59, z: 1}
  m_TileAnchor: {x: 0.5, y: 0.5, z: 0}
  m_TileOrientation: 0
  m_TileOrientationMatrix:
    e00: 1
    e01: 0
    e02: 0
    e03: 0
    e10: 0
    e11: 1
    e12: 0
    e13: 0
    e20: 0
    e21: 0
    e22: 1
    e23: 0
    e30: 0
    e31: 0
    e32: 0
    e33: 1
--- !u!483693784 &6928019901525425631
TilemapRenderer:
  m_ObjectHideFlags: 0
  m_CorrespondingSourceObject: {fileID: 0}
  m_PrefabInstance: {fileID: 0}
  m_PrefabAsset: {fileID: 0}
  m_GameObject: {fileID: 2802478096168509543}
  m_Enabled: 1
  m_CastShadows: 0
  m_ReceiveShadows: 0
  m_DynamicOccludee: 1
  m_MotionVectors: 1
  m_LightProbeUsage: 0
  m_ReflectionProbeUsage: 0
  m_RenderingLayerMask: 1
  m_RendererPriority: 0
  m_Materials:
  - {fileID: 10754, guid: 0000000000000000f000000000000000, type: 0}
  m_StaticBatchInfo:
    firstSubMesh: 0
    subMeshCount: 0
  m_StaticBatchRoot: {fileID: 0}
  m_ProbeAnchor: {fileID: 0}
  m_LightProbeVolumeOverride: {fileID: 0}
  m_ScaleInLightmap: 1
  m_PreserveUVs: 0
  m_IgnoreNormalsForChartDetection: 0
  m_ImportantGI: 0
  m_StitchLightmapSeams: 0
  m_SelectedEditorRenderState: 0
  m_MinimumChartSize: 4
  m_AutoUVMaxDistance: 0.5
  m_AutoUVMaxAngle: 89
  m_LightmapParameters: {fileID: 0}
  m_SortingLayerID: 528929771
  m_SortingLayer: 4
  m_SortingOrder: 0
  m_ChunkSize: {x: 32, y: 32, z: 32}
  m_ChunkCullingBounds: {x: 0, y: 0, z: 0}
  m_MaxChunkCount: 16
  m_MaxFrameAge: 16
  m_SortOrder: 0
  m_Mode: 0
  m_DetectChunkCullingBounds: 0
  m_MaskInteraction: 0
--- !u!19719996 &8283155145694951660
TilemapCollider2D:
  m_ObjectHideFlags: 0
  m_CorrespondingSourceObject: {fileID: 0}
  m_PrefabInstance: {fileID: 0}
  m_PrefabAsset: {fileID: 0}
  m_GameObject: {fileID: 2802478096168509543}
  m_Enabled: 1
  m_Density: 1
  m_Material: {fileID: 0}
  m_IsTrigger: 0
  m_UsedByEffector: 0
  m_UsedByComposite: 1
  m_Offset: {x: 0, y: 0}
--- !u!50 &4962072056348341247
Rigidbody2D:
  serializedVersion: 4
  m_ObjectHideFlags: 0
  m_CorrespondingSourceObject: {fileID: 0}
  m_PrefabInstance: {fileID: 0}
  m_PrefabAsset: {fileID: 0}
  m_GameObject: {fileID: 2802478096168509543}
  m_BodyType: 2
  m_Simulated: 1
  m_UseFullKinematicContacts: 0
  m_UseAutoMass: 0
  m_Mass: 1
  m_LinearDrag: 0
  m_AngularDrag: 0.05
  m_GravityScale: 1
  m_Material: {fileID: 0}
  m_Interpolate: 0
  m_SleepingMode: 1
  m_CollisionDetection: 0
  m_Constraints: 0
--- !u!66 &6014864869674552032
CompositeCollider2D:
  m_ObjectHideFlags: 0
  m_CorrespondingSourceObject: {fileID: 0}
  m_PrefabInstance: {fileID: 0}
  m_PrefabAsset: {fileID: 0}
  m_GameObject: {fileID: 2802478096168509543}
  m_Enabled: 1
  m_Density: 1
  m_Material: {fileID: 0}
  m_IsTrigger: 0
  m_UsedByEffector: 0
  m_UsedByComposite: 0
  m_Offset: {x: 0, y: 0}
  m_GeometryType: 0
  m_GenerationType: 0
  m_EdgeRadius: 0
  m_ColliderPaths:
  - m_Collider: {fileID: 8283155145694951660}
    m_ColliderPaths:
    - - X: 4099866368
        Y: 449937856
      - X: 4099812864
        Y: 449991392
      - X: 4090017024
        Y: 449991392
      - X: 4090017024
        Y: 439928160
      - X: 4099919616
        Y: 439928160
    - - X: 4129866240
        Y: 439937856
      - X: 4129812992
        Y: 439991392
      - X: 4120017152
        Y: 439991392
      - X: 4120017152
        Y: 429928160
      - X: 4129919744
        Y: 429928160
    - - X: 4060056064
        Y: 389979488
      - X: 4060065536
        Y: 389979488
      - X: 4060065536
        Y: 400042720
      - X: 4050002432
        Y: 400042720
      - X: 4050002432
        Y: 390052416
      - X: 4049992704
        Y: 390052416
      - X: 4049992704
        Y: 359989216
      - X: 4060056064
        Y: 359989216
  m_CompositePaths:
    m_Paths:
    - - {x: 409.98663, y: 44.993786}
      - {x: 409.9813, y: 44.999138}
      - {x: 409.0017, y: 44.999138}
      - {x: 409.0017, y: 43.992817}
      - {x: 409.99197, y: 43.992817}
    - - {x: 412.98663, y: 43.993786}
      - {x: 412.9813, y: 43.999138}
      - {x: 412.0017, y: 43.999138}
      - {x: 412.0017, y: 42.992817}
      - {x: 412.99197, y: 42.992817}
    - - {x: 406.0056, y: 38.997948}
      - {x: 406.00656, y: 38.997948}
      - {x: 406.00656, y: 40.004272}
      - {x: 405.00024, y: 40.004272}
      - {x: 405.00024, y: 39.00524}
      - {x: 404.99927, y: 39.00524}
      - {x: 404.99927, y: 35.99892}
      - {x: 406.0056, y: 35.99892}
  m_VertexDistance: 0.0005
