%YAML 1.1
%TAG !u! tag:unity3d.com,2011:
--- !u!1 &3985561776003387241
GameObject:
  m_ObjectHideFlags: 0
  m_CorrespondingSourceObject: {fileID: 0}
  m_PrefabInstance: {fileID: 0}
  m_PrefabAsset: {fileID: 0}
  serializedVersion: 6
  m_Component:
  - component: {fileID: 1111045310267251947}
  m_Layer: 13
  m_Name: target (1)
  m_TagString: Untagged
  m_Icon: {fileID: 0}
  m_NavMeshLayer: 0
  m_StaticEditorFlags: 0
  m_IsActive: 1
--- !u!4 &1111045310267251947
Transform:
  m_ObjectHideFlags: 0
  m_CorrespondingSourceObject: {fileID: 0}
  m_PrefabInstance: {fileID: 0}
  m_PrefabAsset: {fileID: 0}
  m_GameObject: {fileID: 3985561776003387241}
  m_LocalRotation: {x: -0, y: -0, z: -0, w: 1}
  m_LocalPosition: {x: 0, y: 1.39, z: 0}
  m_LocalScale: {x: 1.25, y: 1.25, z: 1}
  m_Children: []
  m_Father: {fileID: 6467039423067312384}
  m_RootOrder: 1
  m_LocalEulerAnglesHint: {x: 0, y: 0, z: 0}
--- !u!114 &667924673186840628
MonoBehaviour:
  m_ObjectHideFlags: 0
  m_CorrespondingSourceObject: {fileID: 0}
  m_PrefabInstance: {fileID: 0}
  m_PrefabAsset: {fileID: 0}
  m_GameObject: {fileID: 5839260186043040689}
  m_Enabled: 1
  m_EditorHideFlags: 0
  m_Script: {fileID: 11500000, guid: f8efe50f498a8364284a65c227f8035a, type: 3}
  m_Name: 
  m_EditorClassIdentifier: 
  kamikazi: 0
  chilling: 0
  solo: 0
  boss: 0
  speed: -3
  health: 300
  ascensionSpeed: 1
  antecipationTime: 2
  followForce: 0
  destroyTimer: 0
  groundDetector: {fileID: 2162234214461291617}
  rayLength: 1
  detector: {fileID: 823083488406898334}
  target: {fileID: 1111045310267251947}
  explosionPrefab: {fileID: 0}
  bossActivation: 0
--- !u!1 &8972207500288479765
GameObject:
  m_ObjectHideFlags: 0
  m_CorrespondingSourceObject: {fileID: 0}
  m_PrefabInstance: {fileID: 0}
  m_PrefabAsset: {fileID: 0}
  serializedVersion: 6
  m_Component:
  - component: {fileID: 6467039423067312384}
  m_Layer: 0
  m_Name: Enemy3.2(att) 1
  m_TagString: Untagged
  m_Icon: {fileID: 0}
  m_NavMeshLayer: 0
  m_StaticEditorFlags: 0
  m_IsActive: 1
--- !u!4 &6467039423067312384
Transform:
  m_ObjectHideFlags: 0
  m_CorrespondingSourceObject: {fileID: 0}
  m_PrefabInstance: {fileID: 0}
  m_PrefabAsset: {fileID: 0}
  m_GameObject: {fileID: 8972207500288479765}
  m_LocalRotation: {x: 0, y: 0, z: 0, w: 1}
  m_LocalPosition: {x: 61.39, y: 3.54, z: 1}
  m_LocalScale: {x: 1, y: 1, z: 1}
  m_Children:
  - {fileID: 5839260186043040699}
  - {fileID: 1111045310267251947}
  - {fileID: 9221784507265574838}
  m_Father: {fileID: 0}
  m_RootOrder: 0
  m_LocalEulerAnglesHint: {x: 0, y: 0, z: 0}
--- !u!1 &8982983916282008956
GameObject:
  m_ObjectHideFlags: 0
  m_CorrespondingSourceObject: {fileID: 0}
  m_PrefabInstance: {fileID: 0}
  m_PrefabAsset: {fileID: 0}
  serializedVersion: 6
  m_Component:
  - component: {fileID: 9221784507265574838}
  - component: {fileID: 4979647384282353027}
  - component: {fileID: 823083488406898334}
  m_Layer: 0
  m_Name: detector (1)
  m_TagString: Untagged
  m_Icon: {fileID: 0}
  m_NavMeshLayer: 0
  m_StaticEditorFlags: 0
  m_IsActive: 1
--- !u!4 &9221784507265574838
Transform:
  m_ObjectHideFlags: 0
  m_CorrespondingSourceObject: {fileID: 0}
  m_PrefabInstance: {fileID: 0}
  m_PrefabAsset: {fileID: 0}
  m_GameObject: {fileID: 8982983916282008956}
  m_LocalRotation: {x: -0, y: -0, z: -0, w: 1}
  m_LocalPosition: {x: 0, y: 0, z: 0}
  m_LocalScale: {x: 1.25, y: 1.25, z: 1}
  m_Children: []
  m_Father: {fileID: 6467039423067312384}
  m_RootOrder: 2
  m_LocalEulerAnglesHint: {x: 0, y: 0, z: 0}
--- !u!58 &4979647384282353027
CircleCollider2D:
  m_ObjectHideFlags: 0
  m_CorrespondingSourceObject: {fileID: 0}
  m_PrefabInstance: {fileID: 0}
  m_PrefabAsset: {fileID: 0}
  m_GameObject: {fileID: 8982983916282008956}
  m_Enabled: 1
  m_Density: 1
  m_Material: {fileID: 0}
  m_IsTrigger: 1
  m_UsedByEffector: 0
  m_UsedByComposite: 0
  m_Offset: {x: 0, y: 0}
  serializedVersion: 2
  m_Radius: 1
--- !u!114 &823083488406898334
MonoBehaviour:
  m_ObjectHideFlags: 0
  m_CorrespondingSourceObject: {fileID: 0}
  m_PrefabInstance: {fileID: 0}
  m_PrefabAsset: {fileID: 0}
  m_GameObject: {fileID: 8982983916282008956}
  m_Enabled: 1
  m_EditorHideFlags: 0
  m_Script: {fileID: 11500000, guid: 54b9b03e635be094b8a0488c038d6c89, type: 3}
  m_Name: 
  m_EditorClassIdentifier: 
  terraTremendo: {fileID: 824682551830251654, guid: bfa36350ba0f004468a1e32d75291061,
    type: 3}
  triggered: 0
--- !u!1001 &2162234214250744225
PrefabInstance:
  m_ObjectHideFlags: 0
  serializedVersion: 2
  m_Modification:
    m_TransformParent: {fileID: 6467039423067312384}
    m_Modifications:
    - target: {fileID: 5695070818203191824, guid: 1ddcd40c1a5fbb347a9ceea1242830b6,
        type: 3}
      propertyPath: m_Name
      value: Enemy1(lastVersion) Variant (1)
      objectReference: {fileID: 0}
    - target: {fileID: 5695070818203191834, guid: 1ddcd40c1a5fbb347a9ceea1242830b6,
        type: 3}
      propertyPath: m_LocalPosition.x
      value: 0
      objectReference: {fileID: 0}
    - target: {fileID: 5695070818203191834, guid: 1ddcd40c1a5fbb347a9ceea1242830b6,
        type: 3}
      propertyPath: m_LocalPosition.y
      value: 0
      objectReference: {fileID: 0}
    - target: {fileID: 5695070818203191834, guid: 1ddcd40c1a5fbb347a9ceea1242830b6,
        type: 3}
      propertyPath: m_LocalPosition.z
      value: 0
      objectReference: {fileID: 0}
    - target: {fileID: 5695070818203191834, guid: 1ddcd40c1a5fbb347a9ceea1242830b6,
        type: 3}
      propertyPath: m_LocalRotation.x
      value: -0
      objectReference: {fileID: 0}
    - target: {fileID: 5695070818203191834, guid: 1ddcd40c1a5fbb347a9ceea1242830b6,
        type: 3}
      propertyPath: m_LocalRotation.y
      value: -0
      objectReference: {fileID: 0}
    - target: {fileID: 5695070818203191834, guid: 1ddcd40c1a5fbb347a9ceea1242830b6,
        type: 3}
      propertyPath: m_LocalRotation.z
      value: -0
      objectReference: {fileID: 0}
    - target: {fileID: 5695070818203191834, guid: 1ddcd40c1a5fbb347a9ceea1242830b6,
        type: 3}
      propertyPath: m_LocalRotation.w
      value: 1
      objectReference: {fileID: 0}
    - target: {fileID: 5695070818203191834, guid: 1ddcd40c1a5fbb347a9ceea1242830b6,
        type: 3}
      propertyPath: m_RootOrder
      value: 0
      objectReference: {fileID: 0}
    - target: {fileID: 5695070818203191834, guid: 1ddcd40c1a5fbb347a9ceea1242830b6,
        type: 3}
      propertyPath: m_LocalEulerAnglesHint.x
      value: 0
      objectReference: {fileID: 0}
    - target: {fileID: 5695070818203191834, guid: 1ddcd40c1a5fbb347a9ceea1242830b6,
        type: 3}
      propertyPath: m_LocalEulerAnglesHint.y
      value: 0
      objectReference: {fileID: 0}
    - target: {fileID: 5695070818203191834, guid: 1ddcd40c1a5fbb347a9ceea1242830b6,
        type: 3}
      propertyPath: m_LocalEulerAnglesHint.z
      value: 0
      objectReference: {fileID: 0}
    - target: {fileID: 5695070818203191834, guid: 1ddcd40c1a5fbb347a9ceea1242830b6,
        type: 3}
      propertyPath: m_LocalScale.x
      value: -1.25
      objectReference: {fileID: 0}
    - target: {fileID: 5695070818203191839, guid: 1ddcd40c1a5fbb347a9ceea1242830b6,
        type: 3}
      propertyPath: m_Enabled
      value: 0
      objectReference: {fileID: 0}
    - target: {fileID: 5695070818203191839, guid: 1ddcd40c1a5fbb347a9ceea1242830b6,
        type: 3}
      propertyPath: speed
      value: 2
      objectReference: {fileID: 0}
    - target: {fileID: 1725468213, guid: 1ddcd40c1a5fbb347a9ceea1242830b6, type: 3}
      propertyPath: m_Points.m_Paths.Array.size
      value: 1
      objectReference: {fileID: 0}
    - target: {fileID: 1725468213, guid: 1ddcd40c1a5fbb347a9ceea1242830b6, type: 3}
      propertyPath: m_Points.m_Paths.Array.data[0].Array.size
      value: 26
      objectReference: {fileID: 0}
    - target: {fileID: 1725468213, guid: 1ddcd40c1a5fbb347a9ceea1242830b6, type: 3}
      propertyPath: m_IsTrigger
      value: 1
      objectReference: {fileID: 0}
    - target: {fileID: 1725468213, guid: 1ddcd40c1a5fbb347a9ceea1242830b6, type: 3}
      propertyPath: m_SpriteTilingProperty.oldSize.x
      value: 1.9111111
      objectReference: {fileID: 0}
    - target: {fileID: 1725468213, guid: 1ddcd40c1a5fbb347a9ceea1242830b6, type: 3}
      propertyPath: m_SpriteTilingProperty.oldSize.y
      value: 1.5111111
      objectReference: {fileID: 0}
    - target: {fileID: 1725468213, guid: 1ddcd40c1a5fbb347a9ceea1242830b6, type: 3}
      propertyPath: m_Points.m_Paths.Array.data[0].Array.data[0].x
      value: -0.07777778
      objectReference: {fileID: 0}
    - target: {fileID: 1725468213, guid: 1ddcd40c1a5fbb347a9ceea1242830b6, type: 3}
      propertyPath: m_Points.m_Paths.Array.data[0].Array.data[0].y
      value: -0.7
      objectReference: {fileID: 0}
    - target: {fileID: 1725468213, guid: 1ddcd40c1a5fbb347a9ceea1242830b6, type: 3}
      propertyPath: m_Points.m_Paths.Array.data[0].Array.data[1].x
      value: -0.033333335
      objectReference: {fileID: 0}
    - target: {fileID: 1725468213, guid: 1ddcd40c1a5fbb347a9ceea1242830b6, type: 3}
      propertyPath: m_Points.m_Paths.Array.data[0].Array.data[1].y
      value: -0.75555557
      objectReference: {fileID: 0}
    - target: {fileID: 1725468213, guid: 1ddcd40c1a5fbb347a9ceea1242830b6, type: 3}
      propertyPath: m_Points.m_Paths.Array.data[0].Array.data[2].x
      value: 0.055555556
      objectReference: {fileID: 0}
    - target: {fileID: 1725468213, guid: 1ddcd40c1a5fbb347a9ceea1242830b6, type: 3}
      propertyPath: m_Points.m_Paths.Array.data[0].Array.data[2].y
      value: -0.75555557
      objectReference: {fileID: 0}
    - target: {fileID: 1725468213, guid: 1ddcd40c1a5fbb347a9ceea1242830b6, type: 3}
      propertyPath: m_Points.m_Paths.Array.data[0].Array.data[3].x
      value: 0.16666667
      objectReference: {fileID: 0}
    - target: {fileID: 1725468213, guid: 1ddcd40c1a5fbb347a9ceea1242830b6, type: 3}
      propertyPath: m_Points.m_Paths.Array.data[0].Array.data[3].y
      value: -0.45555556
      objectReference: {fileID: 0}
    - target: {fileID: 1725468213, guid: 1ddcd40c1a5fbb347a9ceea1242830b6, type: 3}
      propertyPath: m_Points.m_Paths.Array.data[0].Array.data[4].x
      value: 0.26666668
      objectReference: {fileID: 0}
    - target: {fileID: 1725468213, guid: 1ddcd40c1a5fbb347a9ceea1242830b6, type: 3}
      propertyPath: m_Points.m_Paths.Array.data[0].Array.data[4].y
      value: -0.4
      objectReference: {fileID: 0}
    - target: {fileID: 1725468213, guid: 1ddcd40c1a5fbb347a9ceea1242830b6, type: 3}
      propertyPath: m_Points.m_Paths.Array.data[0].Array.data[5].x
      value: 0.36666667
      objectReference: {fileID: 0}
    - target: {fileID: 1725468213, guid: 1ddcd40c1a5fbb347a9ceea1242830b6, type: 3}
      propertyPath: m_Points.m_Paths.Array.data[0].Array.data[5].y
      value: -0.32222223
      objectReference: {fileID: 0}
    - target: {fileID: 1725468213, guid: 1ddcd40c1a5fbb347a9ceea1242830b6, type: 3}
      propertyPath: m_Points.m_Paths.Array.data[0].Array.data[6].x
      value: 0.51111114
      objectReference: {fileID: 0}
    - target: {fileID: 1725468213, guid: 1ddcd40c1a5fbb347a9ceea1242830b6, type: 3}
      propertyPath: m_Points.m_Paths.Array.data[0].Array.data[6].y
      value: -0.31111112
      objectReference: {fileID: 0}
    - target: {fileID: 1725468213, guid: 1ddcd40c1a5fbb347a9ceea1242830b6, type: 3}
      propertyPath: m_Points.m_Paths.Array.data[0].Array.data[7].x
      value: 0.8888889
      objectReference: {fileID: 0}
    - target: {fileID: 1725468213, guid: 1ddcd40c1a5fbb347a9ceea1242830b6, type: 3}
      propertyPath: m_Points.m_Paths.Array.data[0].Array.data[7].y
      value: -0.75555557
      objectReference: {fileID: 0}
    - target: {fileID: 1725468213, guid: 1ddcd40c1a5fbb347a9ceea1242830b6, type: 3}
      propertyPath: m_Points.m_Paths.Array.data[0].Array.data[8].x
      value: 0.9444445
      objectReference: {fileID: 0}
    - target: {fileID: 1725468213, guid: 1ddcd40c1a5fbb347a9ceea1242830b6, type: 3}
      propertyPath: m_Points.m_Paths.Array.data[0].Array.data[8].y
      value: -0.75555557
      objectReference: {fileID: 0}
    - target: {fileID: 1725468213, guid: 1ddcd40c1a5fbb347a9ceea1242830b6, type: 3}
      propertyPath: m_Points.m_Paths.Array.data[0].Array.data[9].x
      value: 0.9444445
      objectReference: {fileID: 0}
    - target: {fileID: 1725468213, guid: 1ddcd40c1a5fbb347a9ceea1242830b6, type: 3}
      propertyPath: m_Points.m_Paths.Array.data[0].Array.data[9].y
      value: -0.7111111
      objectReference: {fileID: 0}
    - target: {fileID: 1725468213, guid: 1ddcd40c1a5fbb347a9ceea1242830b6, type: 3}
      propertyPath: m_Points.m_Paths.Array.data[0].Array.data[10].x
      value: 0.93333334
      objectReference: {fileID: 0}
    - target: {fileID: 1725468213, guid: 1ddcd40c1a5fbb347a9ceea1242830b6, type: 3}
      propertyPath: m_Points.m_Paths.Array.data[0].Array.data[10].y
      value: -0.65555555
      objectReference: {fileID: 0}
    - target: {fileID: 1725468213, guid: 1ddcd40c1a5fbb347a9ceea1242830b6, type: 3}
      propertyPath: m_Points.m_Paths.Array.data[0].Array.data[11].x
      value: 0.8666667
      objectReference: {fileID: 0}
    - target: {fileID: 1725468213, guid: 1ddcd40c1a5fbb347a9ceea1242830b6, type: 3}
      propertyPath: m_Points.m_Paths.Array.data[0].Array.data[11].y
      value: -0.4
      objectReference: {fileID: 0}
    - target: {fileID: 1725468213, guid: 1ddcd40c1a5fbb347a9ceea1242830b6, type: 3}
      propertyPath: m_Points.m_Paths.Array.data[0].Array.data[12].x
      value: 0.64444447
      objectReference: {fileID: 0}
    - target: {fileID: 1725468213, guid: 1ddcd40c1a5fbb347a9ceea1242830b6, type: 3}
      propertyPath: m_Points.m_Paths.Array.data[0].Array.data[12].y
      value: -0.11111111
      objectReference: {fileID: 0}
    - target: {fileID: 1725468213, guid: 1ddcd40c1a5fbb347a9ceea1242830b6, type: 3}
      propertyPath: m_Points.m_Paths.Array.data[0].Array.data[13].x
      value: 0.46666667
      objectReference: {fileID: 0}
    - target: {fileID: 1725468213, guid: 1ddcd40c1a5fbb347a9ceea1242830b6, type: 3}
      propertyPath: m_Points.m_Paths.Array.data[0].Array.data[13].y
      value: -0.14444445
      objectReference: {fileID: 0}
    - target: {fileID: 1725468213, guid: 1ddcd40c1a5fbb347a9ceea1242830b6, type: 3}
      propertyPath: m_Points.m_Paths.Array.data[0].Array.data[14].x
      value: 0.5222222
      objectReference: {fileID: 0}
    - target: {fileID: 1725468213, guid: 1ddcd40c1a5fbb347a9ceea1242830b6, type: 3}
      propertyPath: m_Points.m_Paths.Array.data[0].Array.data[14].y
      value: -0.06666667
      objectReference: {fileID: 0}
    - target: {fileID: 1725468213, guid: 1ddcd40c1a5fbb347a9ceea1242830b6, type: 3}
      propertyPath: m_Points.m_Paths.Array.data[0].Array.data[15].x
      value: 0.5101639
      objectReference: {fileID: 0}
    - target: {fileID: 1725468213, guid: 1ddcd40c1a5fbb347a9ceea1242830b6, type: 3}
      propertyPath: m_Points.m_Paths.Array.data[0].Array.data[15].y
      value: 0.20827103
      objectReference: {fileID: 0}
    - target: {fileID: 1725468213, guid: 1ddcd40c1a5fbb347a9ceea1242830b6, type: 3}
      propertyPath: m_Points.m_Paths.Array.data[0].Array.data[16].x
      value: -0.6907822
      objectReference: {fileID: 0}
    - target: {fileID: 1725468213, guid: 1ddcd40c1a5fbb347a9ceea1242830b6, type: 3}
      propertyPath: m_Points.m_Paths.Array.data[0].Array.data[16].y
      value: 0.20543443
      objectReference: {fileID: 0}
    - target: {fileID: 1725468213, guid: 1ddcd40c1a5fbb347a9ceea1242830b6, type: 3}
      propertyPath: m_Points.m_Paths.Array.data[0].Array.data[17].x
      value: -0.6333333
      objectReference: {fileID: 0}
    - target: {fileID: 1725468213, guid: 1ddcd40c1a5fbb347a9ceea1242830b6, type: 3}
      propertyPath: m_Points.m_Paths.Array.data[0].Array.data[17].y
      value: -0.16666667
      objectReference: {fileID: 0}
    - target: {fileID: 1725468213, guid: 1ddcd40c1a5fbb347a9ceea1242830b6, type: 3}
      propertyPath: m_Points.m_Paths.Array.data[0].Array.data[18].x
      value: -0.7777778
      objectReference: {fileID: 0}
    - target: {fileID: 1725468213, guid: 1ddcd40c1a5fbb347a9ceea1242830b6, type: 3}
      propertyPath: m_Points.m_Paths.Array.data[0].Array.data[18].y
      value: -0.32222223
      objectReference: {fileID: 0}
    - target: {fileID: 1725468213, guid: 1ddcd40c1a5fbb347a9ceea1242830b6, type: 3}
      propertyPath: m_Points.m_Paths.Array.data[0].Array.data[19].x
      value: -0.8555556
      objectReference: {fileID: 0}
    - target: {fileID: 1725468213, guid: 1ddcd40c1a5fbb347a9ceea1242830b6, type: 3}
      propertyPath: m_Points.m_Paths.Array.data[0].Array.data[19].y
      value: -0.41111112
      objectReference: {fileID: 0}
    - target: {fileID: 1725468213, guid: 1ddcd40c1a5fbb347a9ceea1242830b6, type: 3}
      propertyPath: m_Points.m_Paths.Array.data[0].Array.data[20].x
      value: -0.95555556
      objectReference: {fileID: 0}
    - target: {fileID: 1725468213, guid: 1ddcd40c1a5fbb347a9ceea1242830b6, type: 3}
      propertyPath: m_Points.m_Paths.Array.data[0].Array.data[20].y
      value: -0.65555555
      objectReference: {fileID: 0}
    - target: {fileID: 1725468213, guid: 1ddcd40c1a5fbb347a9ceea1242830b6, type: 3}
      propertyPath: m_Points.m_Paths.Array.data[0].Array.data[21].x
      value: -0.95555556
      objectReference: {fileID: 0}
    - target: {fileID: 1725468213, guid: 1ddcd40c1a5fbb347a9ceea1242830b6, type: 3}
      propertyPath: m_Points.m_Paths.Array.data[0].Array.data[21].y
      value: -0.75555557
      objectReference: {fileID: 0}
    - target: {fileID: 1725468213, guid: 1ddcd40c1a5fbb347a9ceea1242830b6, type: 3}
      propertyPath: m_Points.m_Paths.Array.data[0].Array.data[22].x
      value: -0.8888889
      objectReference: {fileID: 0}
    - target: {fileID: 1725468213, guid: 1ddcd40c1a5fbb347a9ceea1242830b6, type: 3}
      propertyPath: m_Points.m_Paths.Array.data[0].Array.data[22].y
      value: -0.75555557
      objectReference: {fileID: 0}
    - target: {fileID: 1725468213, guid: 1ddcd40c1a5fbb347a9ceea1242830b6, type: 3}
      propertyPath: m_Points.m_Paths.Array.data[0].Array.data[23].x
      value: -0.51111114
      objectReference: {fileID: 0}
    - target: {fileID: 1725468213, guid: 1ddcd40c1a5fbb347a9ceea1242830b6, type: 3}
      propertyPath: m_Points.m_Paths.Array.data[0].Array.data[23].y
      value: -0.32222223
      objectReference: {fileID: 0}
    - target: {fileID: 1725468213, guid: 1ddcd40c1a5fbb347a9ceea1242830b6, type: 3}
      propertyPath: m_Points.m_Paths.Array.data[0].Array.data[24].x
      value: -0.46666667
      objectReference: {fileID: 0}
    - target: {fileID: 1725468213, guid: 1ddcd40c1a5fbb347a9ceea1242830b6, type: 3}
      propertyPath: m_Points.m_Paths.Array.data[0].Array.data[24].y
      value: -0.35555556
      objectReference: {fileID: 0}
    - target: {fileID: 1725468213, guid: 1ddcd40c1a5fbb347a9ceea1242830b6, type: 3}
      propertyPath: m_Points.m_Paths.Array.data[0].Array.data[25].x
      value: -0.14444445
      objectReference: {fileID: 0}
    - target: {fileID: 1725468213, guid: 1ddcd40c1a5fbb347a9ceea1242830b6, type: 3}
      propertyPath: m_Points.m_Paths.Array.data[0].Array.data[25].y
      value: -0.51111114
      objectReference: {fileID: 0}
    - target: {fileID: 1725468213, guid: 1ddcd40c1a5fbb347a9ceea1242830b6, type: 3}
      propertyPath: m_SpriteTilingProperty.pivot.y
      value: 0.5
      objectReference: {fileID: 0}
    - target: {fileID: 5695070818203191835, guid: 1ddcd40c1a5fbb347a9ceea1242830b6,
        type: 3}
      propertyPath: m_SortingLayerID
      value: 712961121
      objectReference: {fileID: 0}
    - target: {fileID: 5695070818203191835, guid: 1ddcd40c1a5fbb347a9ceea1242830b6,
        type: 3}
      propertyPath: m_SortingLayer
      value: 1
      objectReference: {fileID: 0}
    - target: {fileID: 5695070818203191835, guid: 1ddcd40c1a5fbb347a9ceea1242830b6,
        type: 3}
      propertyPath: m_Sprite
      value: 
      objectReference: {fileID: 21300000, guid: ae1fcd805ce8be54cbbcb433b2ad2080,
        type: 3}
    - target: {fileID: 5695070818203191835, guid: 1ddcd40c1a5fbb347a9ceea1242830b6,
        type: 3}
      propertyPath: m_Color.r
      value: 1
      objectReference: {fileID: 0}
    - target: {fileID: 5695070818203191835, guid: 1ddcd40c1a5fbb347a9ceea1242830b6,
        type: 3}
      propertyPath: m_Color.g
      value: 1
      objectReference: {fileID: 0}
    - target: {fileID: 5695070818203191835, guid: 1ddcd40c1a5fbb347a9ceea1242830b6,
        type: 3}
      propertyPath: m_Color.b
      value: 1
      objectReference: {fileID: 0}
    - target: {fileID: 5695070818203191832, guid: 1ddcd40c1a5fbb347a9ceea1242830b6,
        type: 3}
      propertyPath: m_Offset.y
      value: -0.74
      objectReference: {fileID: 0}
    - target: {fileID: 5695070818203191832, guid: 1ddcd40c1a5fbb347a9ceea1242830b6,
        type: 3}
      propertyPath: m_SpriteTilingProperty.oldSize.x
      value: 1.9111111
      objectReference: {fileID: 0}
    - target: {fileID: 5695070818203191832, guid: 1ddcd40c1a5fbb347a9ceea1242830b6,
        type: 3}
      propertyPath: m_SpriteTilingProperty.oldSize.y
      value: 1.5111111
      objectReference: {fileID: 0}
    - target: {fileID: 5695070818203191832, guid: 1ddcd40c1a5fbb347a9ceea1242830b6,
        type: 3}
      propertyPath: m_Size.x
      value: 1.75
      objectReference: {fileID: 0}
    - target: {fileID: 5695070818203191832, guid: 1ddcd40c1a5fbb347a9ceea1242830b6,
        type: 3}
      propertyPath: m_SpriteTilingProperty.pivot.y
      value: 0.5
      objectReference: {fileID: 0}
    - target: {fileID: 5695070818203191827, guid: 1ddcd40c1a5fbb347a9ceea1242830b6,
        type: 3}
      propertyPath: m_SpriteTilingProperty.oldSize.x
      value: 1.9111111
      objectReference: {fileID: 0}
    - target: {fileID: 5695070818203191827, guid: 1ddcd40c1a5fbb347a9ceea1242830b6,
        type: 3}
      propertyPath: m_SpriteTilingProperty.oldSize.y
      value: 1.5111111
      objectReference: {fileID: 0}
    - target: {fileID: 5695070818203191827, guid: 1ddcd40c1a5fbb347a9ceea1242830b6,
        type: 3}
      propertyPath: m_SpriteTilingProperty.pivot.y
      value: 0.5
      objectReference: {fileID: 0}
    - target: {fileID: 5695070818203191826, guid: 1ddcd40c1a5fbb347a9ceea1242830b6,
        type: 3}
      propertyPath: m_Controller
      value: 
      objectReference: {fileID: 9100000, guid: b5cea608f9ba9bd48ac1b3795919d39c, type: 2}
    - target: {fileID: 934655424, guid: 1ddcd40c1a5fbb347a9ceea1242830b6, type: 3}
      propertyPath: m_LocalPosition.x
      value: 1.25
      objectReference: {fileID: 0}
    - target: {fileID: 934655424, guid: 1ddcd40c1a5fbb347a9ceea1242830b6, type: 3}
      propertyPath: m_LocalPosition.y
      value: -0.61
      objectReference: {fileID: 0}
    - target: {fileID: 394320110422327510, guid: 1ddcd40c1a5fbb347a9ceea1242830b6,
        type: 3}
      propertyPath: m_IsActive
      value: 0
      objectReference: {fileID: 0}
    - target: {fileID: 268952384, guid: 1ddcd40c1a5fbb347a9ceea1242830b6, type: 3}
      propertyPath: m_IsActive
      value: 0
      objectReference: {fileID: 0}
    m_RemovedComponents:
    - {fileID: 5695070818203191839, guid: 1ddcd40c1a5fbb347a9ceea1242830b6, type: 3}
  m_SourcePrefab: {fileID: 100100000, guid: 1ddcd40c1a5fbb347a9ceea1242830b6, type: 3}
--- !u!1 &5839260186043040689 stripped
GameObject:
  m_CorrespondingSourceObject: {fileID: 5695070818203191824, guid: 1ddcd40c1a5fbb347a9ceea1242830b6,
    type: 3}
  m_PrefabInstance: {fileID: 2162234214250744225}
  m_PrefabAsset: {fileID: 0}
--- !u!4 &5839260186043040699 stripped
Transform:
  m_CorrespondingSourceObject: {fileID: 5695070818203191834, guid: 1ddcd40c1a5fbb347a9ceea1242830b6,
    type: 3}
  m_PrefabInstance: {fileID: 2162234214250744225}
  m_PrefabAsset: {fileID: 0}
--- !u!4 &2162234214461291617 stripped
Transform:
  m_CorrespondingSourceObject: {fileID: 934655424, guid: 1ddcd40c1a5fbb347a9ceea1242830b6,
    type: 3}
  m_PrefabInstance: {fileID: 2162234214250744225}
  m_PrefabAsset: {fileID: 0}
--- !u!1001 &3548135498317114130
PrefabInstance:
  m_ObjectHideFlags: 0
  serializedVersion: 2
  m_Modification:
    m_TransformParent: {fileID: 5839260186043040699}
    m_Modifications:
    - target: {fileID: 3355879122135422925, guid: 1412ae82493e272498db2287827c05a0,
        type: 3}
      propertyPath: m_Name
      value: Inimigo3
      objectReference: {fileID: 0}
    - target: {fileID: 6934002146471710191, guid: 1412ae82493e272498db2287827c05a0,
        type: 3}
      propertyPath: m_LocalPosition.x
      value: -0.146
      objectReference: {fileID: 0}
    - target: {fileID: 6934002146471710191, guid: 1412ae82493e272498db2287827c05a0,
        type: 3}
      propertyPath: m_LocalPosition.y
      value: 0.21
      objectReference: {fileID: 0}
    - target: {fileID: 6934002146471710191, guid: 1412ae82493e272498db2287827c05a0,
        type: 3}
      propertyPath: m_LocalPosition.z
      value: 0
      objectReference: {fileID: 0}
    - target: {fileID: 6934002146471710191, guid: 1412ae82493e272498db2287827c05a0,
        type: 3}
      propertyPath: m_LocalRotation.x
      value: 0
      objectReference: {fileID: 0}
    - target: {fileID: 6934002146471710191, guid: 1412ae82493e272498db2287827c05a0,
        type: 3}
      propertyPath: m_LocalRotation.y
      value: 0
      objectReference: {fileID: 0}
    - target: {fileID: 6934002146471710191, guid: 1412ae82493e272498db2287827c05a0,
        type: 3}
      propertyPath: m_LocalRotation.z
      value: 0
      objectReference: {fileID: 0}
    - target: {fileID: 6934002146471710191, guid: 1412ae82493e272498db2287827c05a0,
        type: 3}
      propertyPath: m_LocalRotation.w
      value: 1
      objectReference: {fileID: 0}
    - target: {fileID: 6934002146471710191, guid: 1412ae82493e272498db2287827c05a0,
        type: 3}
      propertyPath: m_RootOrder
      value: 3
      objectReference: {fileID: 0}
    - target: {fileID: 6934002146471710191, guid: 1412ae82493e272498db2287827c05a0,
        type: 3}
      propertyPath: m_LocalEulerAnglesHint.x
      value: 0
      objectReference: {fileID: 0}
    - target: {fileID: 6934002146471710191, guid: 1412ae82493e272498db2287827c05a0,
        type: 3}
      propertyPath: m_LocalEulerAnglesHint.y
      value: 0
      objectReference: {fileID: 0}
    - target: {fileID: 6934002146471710191, guid: 1412ae82493e272498db2287827c05a0,
        type: 3}
      propertyPath: m_LocalEulerAnglesHint.z
      value: 0
      objectReference: {fileID: 0}
    - target: {fileID: 6934002146471710191, guid: 1412ae82493e272498db2287827c05a0,
        type: 3}
      propertyPath: m_LocalScale.x
      value: 0.3
      objectReference: {fileID: 0}
    - target: {fileID: 6934002146471710191, guid: 1412ae82493e272498db2287827c05a0,
        type: 3}
      propertyPath: m_LocalScale.y
      value: 0.3
      objectReference: {fileID: 0}
    - target: {fileID: 2090393393048827533, guid: 1412ae82493e272498db2287827c05a0,
        type: 3}
      propertyPath: m_LocalPosition.z
      value: 1
      objectReference: {fileID: 0}
    - target: {fileID: 2090393393048827533, guid: 1412ae82493e272498db2287827c05a0,
        type: 3}
      propertyPath: m_LocalPosition.x
      value: 0
      objectReference: {fileID: 0}
    - target: {fileID: 2090393393048827533, guid: 1412ae82493e272498db2287827c05a0,
        type: 3}
      propertyPath: m_LocalPosition.y
      value: 0
      objectReference: {fileID: 0}
    - target: {fileID: 2090393393048827533, guid: 1412ae82493e272498db2287827c05a0,
        type: 3}
      propertyPath: m_LocalScale.x
      value: 0.77341855
      objectReference: {fileID: 0}
    - target: {fileID: 2090393393048827533, guid: 1412ae82493e272498db2287827c05a0,
        type: 3}
      propertyPath: m_LocalScale.y
      value: 0.77341855
      objectReference: {fileID: 0}
    - target: {fileID: 2090393393048827533, guid: 1412ae82493e272498db2287827c05a0,
        type: 3}
      propertyPath: m_LocalScale.z
      value: 0.77341855
      objectReference: {fileID: 0}
    - target: {fileID: 590953246761705990, guid: 1412ae82493e272498db2287827c05a0,
        type: 3}
      propertyPath: m_LocalPosition.z
      value: 0
      objectReference: {fileID: 0}
    - target: {fileID: 590953246761705990, guid: 1412ae82493e272498db2287827c05a0,
        type: 3}
      propertyPath: m_LocalPosition.x
      value: 0
      objectReference: {fileID: 0}
    - target: {fileID: 590953246761705990, guid: 1412ae82493e272498db2287827c05a0,
        type: 3}
      propertyPath: m_LocalPosition.y
      value: 0
      objectReference: {fileID: 0}
    - target: {fileID: 590953246761705990, guid: 1412ae82493e272498db2287827c05a0,
        type: 3}
      propertyPath: m_LocalScale.x
      value: 0.77341855
      objectReference: {fileID: 0}
    - target: {fileID: 590953246761705990, guid: 1412ae82493e272498db2287827c05a0,
        type: 3}
      propertyPath: m_LocalScale.y
      value: 0.77341855
      objectReference: {fileID: 0}
    - target: {fileID: 590953246761705990, guid: 1412ae82493e272498db2287827c05a0,
        type: 3}
      propertyPath: m_LocalScale.z
      value: 0.77341855
      objectReference: {fileID: 0}
    - target: {fileID: 8370381449080648164, guid: 1412ae82493e272498db2287827c05a0,
        type: 3}
      propertyPath: m_SortingLayerID
      value: -630484909
      objectReference: {fileID: 0}
    - target: {fileID: 8370381449080648164, guid: 1412ae82493e272498db2287827c05a0,
        type: 3}
      propertyPath: m_SortingLayer
      value: 6
      objectReference: {fileID: 0}
    - target: {fileID: 5451236833093746377, guid: 1412ae82493e272498db2287827c05a0,
        type: 3}
      propertyPath: m_SortingLayerID
      value: -630484909
      objectReference: {fileID: 0}
    - target: {fileID: 5451236833093746377, guid: 1412ae82493e272498db2287827c05a0,
        type: 3}
      propertyPath: m_SortingLayer
      value: 6
      objectReference: {fileID: 0}
    m_RemovedComponents: []
  m_SourcePrefab: {fileID: 100100000, guid: 1412ae82493e272498db2287827c05a0, type: 3}
